<?xml version="1.0" encoding="UTF-8"?><collection xmlns="http://www.loc.gov/MARC21/slim"><record><leader>00532nam--2200169-i-4500</leader><controlfield tag="001">000037610</controlfield><controlfield tag="002">20161230</controlfield><controlfield tag="005">20161230201041</controlfield><controlfield tag="008">060222s1000------------r-----000-0-eng-d</controlfield><datafield ind1=" " ind2=" " tag="040"><subfield code="a">IFIN-HH</subfield></datafield><datafield ind1=" " ind2=" " tag="080"><subfield code="a">537.311.33</subfield></datafield><datafield ind1="1" ind2=" " tag="100"><subfield code="a">Bergstresser, Thomas Karl</subfield></datafield><datafield ind1="1" ind2="0" tag="245"><subfield code="a">Band structure and optical properties of semiconductors and insulators</subfield><subfield code="b">Dissertation</subfield><subfield code="c">Thomas karl bergstresser</subfield></datafield><datafield ind1=" " ind2=" " tag="260"><subfield code="a">Ann Arbor, Michigan</subfield><subfield code="b">University Microfilms, Inc</subfield><subfield code="c">1966</subfield></datafield><datafield ind1=" " ind2=" " tag="300"><subfield code="a">131P</subfield></datafield><datafield ind1=" " ind2=" " tag="852"><subfield code="a">29256</subfield><subfield code="c">537.311.33</subfield></datafield><datafield ind1=" " ind2=" " tag="CAT"><subfield code="a">Sys</subfield><subfield code="c">20110720</subfield><subfield code="h">141315</subfield></datafield></record></collection>